<?xml version="1.0" encoding="UTF-8"?><record xmlns="http://www.loc.gov/MARC21/slim" xmlns:cinclude="http://apache.org/cocoon/include/1.0" xmlns:zs="http://www.loc.gov/zing/srw/">
  <leader>00489nz  a2200121n  4500</leader>
  <controlfield tag="001">n  98012613 </controlfield>
  <controlfield tag="003">DLC</controlfield>
  <controlfield tag="005">19980209133533.6</controlfield>
  <controlfield tag="008">980209n| acannaab|          |n aaa |||  </controlfield>
  <datafield tag="010" ind1=" " ind2=" ">
    <subfield code="a">n  98012613 </subfield>
  </datafield>
  <datafield tag="040" ind1=" " ind2=" ">
    <subfield code="a">DLC</subfield>
    <subfield code="c">DLC</subfield>
  </datafield>
  <datafield tag="100" ind1="1" ind2="0">
    <subfield code="a">O'Neill, Rosalie,</subfield>
    <subfield code="d">1934-</subfield>
  </datafield>
  <datafield tag="670" ind1=" " ind2=" ">
    <subfield code="a">Gathered in God's name, 1996:</subfield>
    <subfield code="b">t.p. (Rosalie O'Neill, RSJ) t.p. verso (Aust. cat. CIP: O'Neill, Rosalie, 1934- ) p. 4 of cover (Sister Rosalie O'Neill; B.A. (Hons.), Macquarie University; Master of Spirituality, Oakland, U.S.A.)</subfield>
  </datafield>
</record>